<?xml version="1.0" encoding="UTF-8"?><record xmlns="http://www.loc.gov/MARC21/slim" xmlns:cinclude="http://apache.org/cocoon/include/1.0" xmlns:zs="http://www.loc.gov/zing/srw/">
  <leader>00603nz  a2200169n  4500</leader>
  <controlfield tag="001">no2010140602</controlfield>
  <controlfield tag="003">DLC</controlfield>
  <controlfield tag="005">20100829075247.0</controlfield>
  <controlfield tag="008">100827n| acannaabn          |a ana     c</controlfield>
  <datafield tag="010" ind1=" " ind2=" ">
    <subfield code="a">no2010140602</subfield>
  </datafield>
  <datafield tag="035" ind1=" " ind2=" ">
    <subfield code="a">(OCoLC)oca08607120</subfield>
  </datafield>
  <datafield tag="040" ind1=" " ind2=" ">
    <subfield code="a">ICU</subfield>
    <subfield code="b">eng</subfield>
    <subfield code="c">ICU</subfield>
  </datafield>
  <datafield tag="110" ind1="2" ind2=" ">
    <subfield code="a">Wisconsin Gas Company</subfield>
  </datafield>
  <datafield tag="510" ind1="2" ind2=" ">
    <subfield code="w">a</subfield>
    <subfield code="a">Milwaukee Gas Light Company</subfield>
  </datafield>
  <datafield tag="667" ind1=" " ind2=" ">
    <subfield code="a">Name changed from Milwaukee Gas Light Company at the end of 1965 (Annual report 1965, p. 3)</subfield>
  </datafield>
  <datafield tag="670" ind1=" " ind2=" ">
    <subfield code="a">Annual report 1965</subfield>
    <subfield code="b">cover (Wisconsin Gas Company)</subfield>
  </datafield>
  <datafield tag="675" ind1=" " ind2=" ">
    <subfield code="a">Milwaukee Gas Light Company, annual report 1964: cover (Milwaukee Gas Light Company)</subfield>
  </datafield>
</record>